<record><leader>00000cas a2200000 a 4500</leader><controlfield tag="001">31118154</controlfield><controlfield tag="008">940915d19481970iluwr ne      0    0eng c</controlfield><datafield ind1=" " ind2=" " tag="010"><subfield code="a">sn 94060583 </subfield></datafield><datafield ind1=" " ind2=" " tag="040"><subfield code="a">NVF</subfield><subfield code="b">eng</subfield><subfield code="c">NVF</subfield><subfield code="d">CVF</subfield><subfield code="d">NVF</subfield><subfield code="d">OCLCQ</subfield><subfield code="d">OCLCF</subfield><subfield code="d">OCLCO</subfield></datafield><datafield ind1="1" ind2=" " tag="029"><subfield code="a">AU@</subfield><subfield code="b">000011282506</subfield></datafield><datafield ind1=" " ind2=" " tag="042"><subfield code="a">pcc</subfield></datafield><datafield ind1=" " ind2=" " tag="043"><subfield code="a">n-us-il</subfield></datafield><datafield ind1="0" ind2=" " tag="130"><subfield code="a">Journal (Franklin Park, Ill.)</subfield></datafield><datafield ind1="1" ind2="4" tag="245"><subfield code="a">The journal.</subfield></datafield><datafield ind1="1" ind2="7" tag="246"><subfield code="a">Franklin Park journal</subfield></datafield><datafield ind1=" " ind2=" " tag="260"><subfield code="a">Franklin Park, Ill. :</subfield><subfield code="b">Franklin Park Pub. Co.,</subfield><subfield code="c">1948-1970.</subfield></datafield><datafield ind1=" " ind2=" " tag="300"><subfield code="a">v.</subfield></datafield><datafield ind1=" " ind2=" " tag="310"><subfield code="a">Weekly</subfield></datafield><datafield ind1="0" ind2=" " tag="362"><subfield code="a">Vol. 2, no. 33 (May 21, 1948)-v. 24, no. 37 (May 14, 1970).</subfield></datafield><datafield ind1=" " ind2="0" tag="651"><subfield code="a">Franklin Park (Ill.)</subfield><subfield code="v">Newspapers.</subfield></datafield><datafield ind1=" " ind2="0" tag="651"><subfield code="a">Bensenville (Ill.)</subfield><subfield code="v">Newspapers.</subfield></datafield><datafield ind1=" " ind2="0" tag="651"><subfield code="a">Melrose Park (Ill.)</subfield><subfield code="v">Newspapers.</subfield></datafield><datafield ind1=" " ind2="0" tag="651"><subfield code="a">Northlake (Ill.)</subfield><subfield code="v">Newspapers.</subfield></datafield><datafield ind1=" " ind2="0" tag="651"><subfield code="a">Schiller Park (Ill.)</subfield><subfield code="v">Newspapers.</subfield></datafield><datafield ind1=" " ind2="0" tag="651"><subfield code="a">River Grove (Ill.)</subfield><subfield code="v">Newspapers.</subfield></datafield><datafield ind1=" " ind2="7" tag="655"><subfield code="a">Newspapers.</subfield><subfield code="2">fast</subfield><subfield code="0">(OCoLC)fst01423814</subfield></datafield><datafield ind1=" " ind2="7" tag="651"><subfield code="a">Illinois</subfield><subfield code="z">Bensenville.</subfield><subfield code="2">fast</subfield><subfield code="0">(OCoLC)fst01227028</subfield></datafield><datafield ind1=" " ind2="7" tag="651"><subfield code="a">Illinois</subfield><subfield code="z">Franklin Park.</subfield><subfield code="2">fast</subfield><subfield code="0">(OCoLC)fst01226533</subfield></datafield><datafield ind1=" " ind2="7" tag="651"><subfield code="a">Illinois</subfield><subfield code="z">Melrose Park.</subfield><subfield code="2">fast</subfield><subfield code="0">(OCoLC)fst01226726</subfield></datafield><datafield ind1=" " ind2="7" tag="651"><subfield code="a">Illinois</subfield><subfield code="z">Northlake.</subfield><subfield code="2">fast</subfield><subfield code="0">(OCoLC)fst01250363</subfield></datafield><datafield ind1=" " ind2="7" tag="651"><subfield code="a">Illinois</subfield><subfield code="z">River Grove.</subfield><subfield code="2">fast</subfield><subfield code="0">(OCoLC)fst01232803</subfield></datafield><datafield ind1=" " ind2="7" tag="651"><subfield code="a">Illinois</subfield><subfield code="z">Schiller Park.</subfield><subfield code="2">fast</subfield><subfield code="0">(OCoLC)fst01232801</subfield></datafield><datafield ind1=" " ind2=" " tag="752"><subfield code="a">United States</subfield><subfield code="b">Illinois</subfield><subfield code="c">Cook</subfield><subfield code="d">Franklin Park.</subfield></datafield><datafield ind1="0" ind2="0" tag="780"><subfield code="t">Franklin Park journal (Franklin Park, Ill. : 1946)</subfield><subfield code="w">(DLC)sn 94060582</subfield><subfield code="w">(OCoLC)31118039</subfield></datafield><datafield ind1="0" ind2="0" tag="785"><subfield code="t">Franklin Park journal (Franklin Park, Ill. : 1970)</subfield><subfield code="w">(DLC)sn 82002430</subfield><subfield code="w">(OCoLC)8337752</subfield></datafield></record>